@article{oztacs2006predicting,
	title={Predicting the compressive strength and slump of high strength concrete using neural network},
	author={Oztacs, Ahmet and Pala, Murat and Ozbay, Erdogan and Kanca, Erdogan and Caglar, Naci and Bhatti, M Asghar},
	journal={Construction and building materials},
	volume={20},
	number={9},
	pages={769--775},
	year={2006},
	publisher={Elsevier}
}

@article{nehdi2001neural,
	title={Neural network model for preformed-foam cellular concrete},
	author={Nehdi, M and Djebbar, Y and Khan, A},
	journal={Materials Journal},
	volume={98},
	number={5},
	pages={402--409},
	year={2001}
}

@article{sobhani2010prediction,
	title={Prediction of the compressive strength of no-slump concrete: A comparative study of regression, neural network and ANFIS models},
	author={Sobhani, Jafar and Najimi, Meysam and Pourkhorshidi, Ali Reza and Parhizkar, Tayebeh},
	journal={Construction and Building Materials},
	volume={24},
	number={5},
	pages={709--718},
	year={2010},
	publisher={Elsevier}
}

@article{deepa2010prediction,
	title={Prediction of the compressive strength of high performance concrete mix using tree based modeling},
	author={Deepa, C and SathiyaKumari, K and Sudha, V Pream},
	journal={International Journal of Computer Applications},
	volume={6},
	number={5},
	pages={18--24},
	year={2010},
	publisher={Citeseer}
}

@article{duan2013prediction,
	title={Prediction of compressive strength of recycled aggregate concrete using artificial neural networks},
	author={Duan, Zhen-Hua and Kou, Shi-Cong and Poon, Chi Sun},
	journal={Construction and Building Materials},
	volume={40},
	pages={1200--1206},
	year={2013},
	publisher={Elsevier}
}

@article{sun2019prediction,
	title={Prediction of permeability and unconfined compressive strength of pervious concrete using evolved support vector regression},
	author={Sun, Junbo and Zhang, Junfei and Gu, Yunfan and Huang, Yimiao and Sun, Yuantian and Ma, Guowei},
	journal={Construction and Building Materials},
	volume={207},
	pages={440--449},
	year={2019},
	publisher={Elsevier}
}

@conference{tang2016selfhealing,
  author={Tang, Waiching and Chen, Guangwei and Wang, Shanyong}, 
  title={Self-healing capability of ECC incorporating with different mineral additives - a review},
  booktitle={Proceedings of the 3rd International RILEM Conference on Microstructre Related Durability of Cementitious Composites},
  year =2016,
  editor={Miao, Changwen},
  pages=668-679,
  address={Nanjing, China},
  month=10,
  organization={RILEM},
  publisher={RILEM Publications SARL},
}

@misc{noauthor_as_nodate,
	title = {{AS} 3972-2010 {General} purpose and blended cements},
	url = {https://infostore.saiglobal.com/en-au/standards/as-3972-2010-122323_saig_as_as_268436/},
	abstract = {SAI Global Standards \& Legislation provides 1.5 million Standards from 350+ publishers. Find your standards for APAC now \& achieve strong business performance},
	urldate = {2021-08-25},
}

@phdthesis{chen2021selfhealing,
	author ={Chen, Guangwei},
	title ={Repeatability of self-healing in ECC with various mineral admixtures},
	school = {School of Architecture and Built Environment},
	address ={University of Newcastle, Australia},
	year ={2021}
}

@article{vidal2004analyzing,
	title={Analyzing crack width to predict corrosion in reinforced concrete},
	author={Vidal, Thierry and Castel, Arnaud and Fran{\c{c}}ois, Raoul},
	journal={Cement and concrete research},
	volume={34},
	number={1},
	pages={165--174},
	year={2004},
	publisher={Elsevier}
}

@article{wang1997permeability,
	title={Permeability study of cracked concrete},
	author={Wang, Kejin and Jansen, Daniel C and Shah, Surendra P and Karr, Alan F},
	journal={Cement and concrete research},
	volume={27},
	number={3},
	pages={381--393},
	year={1997},
	publisher={Elsevier}
}

@article{qiu2016coupled,
	title={Coupled effects of crack width, slag content, and conditioning alkalinity on autogenous healing of engineered cementitious composites},
	author={Qiu, Jishen and Tan, Han Siang and Yang, En-Hua},
	journal={Cement and Concrete Composites},
	volume={73},
	pages={203--212},
	year={2016},
	publisher={Elsevier}
}

@article{de2018review,
  title={A review of self-healing concrete for damage management of structures},
  author={De Belie, Nele and Gruyaert, Elke and Al-Tabbaa, Abir and Antonaci, Paola and Baera, Cornelia and Bajare, Diana and Darquennes, Aveline and Davies, Robert and Ferrara, Liberato and Jefferson, Tony and others},
  journal={Advanced Materials Interfaces},
  volume={5},
  number={17},
  pages={1800074},
  year={2018},
  publisher={Wiley Online Library}
}

@article{liu2017influence,
  title={Influence of microcrack self-healing behavior on the permeability of Engineered Cementitious Composites},
  author={Liu, Hezhi and Zhang, Qian and Gu, Chongshi and Su, Huaizhi and Li, Victor},
  journal={Cement and Concrete Composites},
  volume={82},
  pages={14--22},
  year={2017},
  publisher={Elsevier}
}

@article{herbert2013selfhealing,
  title = {Self-{{Healing}} of {{Microcracks}} in {{Engineered Cementitious Composites}} ({{ECC}}) {{Under}} a {{Natural Environment}}},
  author = {Herbert, Emily N. and Li, Victor C.},
  year = {2013},
  volume = {6},
  pages = {2831--2845},
  doi = {10.3390/ma6072831},
  copyright = {http://creativecommons.org/licenses/by/3.0/},
  journal = {Materials}
}

@article{reuter2018comparative,
  title={A comparative study of machine learning approaches for modeling concrete failure surfaces},
  author={Reuter, Uwe and Sultan, Ahmad and Reischl, Dirk S},
  journal={Advances in Engineering Software},
  volume={116},
  pages={67--79},
  year={2018},
  publisher={Elsevier}
}

@article{khanal2018integration,
  title={Integration of high resolution remotely sensed data and machine learning techniques for spatial prediction of soil properties and corn yield},
  author={Khanal, Sami and Fulton, John and Klopfenstein, Andrew and Douridas, Nathan and Shearer, Scott},
  journal={Computers and electronics in agriculture},
  volume={153},
  pages={213--225},
  year={2018},
  publisher={Elsevier}
}

@article{ramadan2017modeling,
  title={Modeling Self-Healing of Concrete Using Hybrid Genetic Algorithm--Artificial Neural Network},
  author={Ramadan Suleiman, Ahmed and Nehdi, Moncef L},
  journal={Materials},
  volume={10},
  number={2},
  pages={135},
  year={2017},
  publisher={Multidisciplinary Digital Publishing Institute}
}

@article{kamada2000effects,
	title={The effects of surface preparation on the fracture behavior of ECC/concrete repair system},
	author={Kamada, Toshiro and Li, Victor C},
	journal={Cement and Concrete Composites},
	volume={22},
	number={6},
	pages={423--431},
	year={2000},
	publisher={Elsevier}
}

@article{juncai2015prediction,
	title={Prediction of the strength of concrete radiation shielding based on LS-SVM},
	author={Juncai, Xu and Qingwen, Ren and Zhenzhong, Shen},
	journal={Annals of nuclear energy},
	volume={85},
	pages={296--300},
	year={2015},
	publisher={Elsevier}
}

@article{gilan2012hybrid,
	title={Hybrid support vector regression--particle swarm optimization for prediction of compressive strength and RCPT of concretes containing metakaolin},
	author={Gilan, Siamak Safarzadegan and Jovein, Hamed Bahrami and Ramezanianpour, Ali Akbar},
	journal={Construction and Building Materials},
	volume={34},
	pages={321--329},
	year={2012},
	publisher={Elsevier}
}

@article{yan2010prediction,
	title={Prediction of elastic modulus of normal and high strength concrete by support vector machine},
	author={Yan, Kezhen and Shi, Caijun},
	journal={Construction and Building Materials},
	volume={24},
	number={8},
	pages={1479--1485},
	year={2010},
	publisher={Elsevier}
}

@article{fang2008hybrid,
	title={Hybrid genetic algorithms and support vector regression in forecasting atmospheric corrosion of metallic materials},
	author={Fang, SF and Wang, MP and Qi, WH and Zheng, F},
	journal={Computational Materials Science},
	volume={44},
	number={2},
	pages={647--655},
	year={2008},
	publisher={Elsevier}
}

@article{li2007consensus,
	title={A consensus least squares support vector regression (LS-SVR) for analysis of near-infrared spectra of plant samples},
	author={Li, Yankun and Shao, Xueguang and Cai, Wensheng},
	journal={Talanta},
	volume={72},
	number={1},
	pages={217--222},
	year={2007},
	publisher={Elsevier}
}

@article{vapnik1999overview,
	title={An overview of statistical learning theory},
	author={Vapnik, Vladimir Naumovich},
	journal={IEEE transactions on neural networks},
	volume={10},
	number={5},
	pages={988--999},
	year={1999},
	publisher={IEEE}
}

@article{friedman2001greedy,
	title={Greedy function approximation: a gradient boosting machine},
	author={Friedman, Jerome H},
	journal={Annals of statistics},
	pages={1189--1232},
	year={2001},
	publisher={JSTOR}
}

@article{chou2014machine,
	title={Machine learning in concrete strength simulations: Multi-nation data analytics},
	author={Chou, Jui-Sheng and Tsai, Chih-Fong and Pham, Anh-Duc and Lu, Yu-Hsin},
	journal={Construction and Building Materials},
	volume={73},
	pages={771--780},
	year={2014},
	publisher={Elsevier}
}

@article{dor2007achieving,
	title={Achieving 80\% ten-fold cross-validated accuracy for secondary structure prediction by large-scale training},
	author={Dor, Ofer and Zhou, Yaoqi},
	journal={Proteins: Structure, Function, and Bioinformatics},
	volume={66},
	number={4},
	pages={838--845},
	year={2007},
	publisher={Wiley Online Library}
}

@inproceedings{kohavi1995study,
	title={A study of cross-validation and bootstrap for accuracy estimation and model selection},
	author={Kohavi, Ron and others},
	booktitle={Ijcai},
	volume={14},
	number={2},
	pages={1137--1145},
	year={1995},
	organization={Montreal, Canada}
}

@article{naderpour2018compressive,
	title={Compressive strength prediction of environmentally friendly concrete using artificial neural networks},
	author={Naderpour, Hosein and Rafiean, Amir Hossein and Fakharian, Pouyan},
	journal={Journal of Building Engineering},
	volume={16},
	pages={213--219},
	year={2018},
	publisher={Elsevier}
}

@article{mukherjee1997artificial,
	title={Artificial neural networks in prediction of mechanical behavior of concrete at high temperature},
	author={Mukherjee, Abhijit and Biswas, Sudip Nag},
	journal={Nuclear engineering and design},
	volume={178},
	number={1},
	pages={1--11},
	year={1997},
	publisher={Elsevier}
}

@article{yan2017evaluation,
	title={Evaluation and prediction of bond strength of GFRP-bar reinforced concrete using artificial neural network optimized with genetic algorithm},
	author={Yan, Fei and Lin, Zhibin and Wang, Xingyu and Azarmi, Fardad and Sobolev, Konstantin},
	journal={Composite Structures},
	volume={161},
	pages={441--452},
	year={2017},
	publisher={Elsevier}
}

@article{alshihri2009neural,
	title={Neural networks for predicting compressive strength of structural light weight concrete},
	author={Alshihri, Marai M and Azmy, Ahmed M and El-Bisy, Mousa S},
	journal={Construction and Building Materials},
	volume={23},
	number={6},
	pages={2214--2219},
	year={2009},
	publisher={Elsevier}
}

@book{breiman2017classification,
	title={Classification and regression trees},
	author={Breiman, Leo},
	year={2017},
	journal={Routledge}
}

@article{put2003classification,
	title={Classification and regression tree analysis for molecular descriptor selection and retention prediction in chromatographic quantitative structure--retention relationship studies},
	author={Put, R and Perrin, C and Questier, F and Coomans, D and Massart, DL and Vander Heyden, Y},
	journal={Journal of Chromatography A},
	volume={988},
	number={2},
	pages={261--276},
	year={2003},
	publisher={Elsevier}
}
@article{dan1995cart,
	title={CART: Tree-Structured Non-Parametric Data Analysis},
	author={Dan, S and Colla, P},
	journal={Salford Systems, San Diego, CA},
	year={1995}
}
@article{lawrence2001rule,
	title={Rule-based classification systems using classification and regression tree (CART) analysis},
	author={Lawrence, Rick L and Wright, Andrea},
	journal={Photogrammetric engineering and remote sensing},
	volume={67},
	number={10},
	pages={1137--1142},
	year={2001},
	publisher={ASPRS AMERICAN SOCIETY FOR PHOTOGRAMMETRY AND}
}

@article{frosyniotis2003divide,
	title={A divide-and-conquer method for multi-net classifiers},
	author={Frosyniotis, Dimitrios and Stafylopatis, Andreas and Likas, Aristidis},
	journal={Pattern Analysis \& Applications},
	volume={6},
	number={1},
	pages={32--40},
	year={2003},
	publisher={Springer}
}

@inproceedings{dietterich2000ensemble,
	title={Ensemble methods in machine learning},
	author={Dietterich, Thomas G},
	booktitle={International workshop on multiple classifier systems},
	pages={1--15},
	year={2000},
	organization={Springer}
}

@article{breiman1996bagging,
	title={Bagging predictors},
	author={Breiman, Leo},
	journal={Machine learning},
	volume={24},
	number={2},
	pages={123--140},
	year={1996},
	publisher={Springer}
}
@inproceedings{freund1996experiments,
	title={Experiments with a new boosting algorithm},
	author={Freund, Yoav and Schapire, Robert E and others},
	booktitle={Icml},
	volume={96},
	pages={148--156},
	year={1996},
	organization={Citeseer}
}

@article{sill2009feature,
	title={Feature-weighted linear stacking},
	author={Sill, Joseph and Tak{\'a}cs, G{\'a}bor and Mackey, Lester and Lin, David},
	journal={arXiv preprint arXiv:0911.0460},
	year={2009}
}

@article{gardner2018survey,
	title={A survey on problems encountered in current concrete construction and the potential benefits of self-healing cementitious materials},
	author={Gardner, Diane and Lark, Robert and Jefferson, Tony and Davies, Robert},
	journal={Case studies in construction materials},
	volume={8},
	pages={238--247},
	year={2018},
	publisher={Elsevier}
}

@inproceedings{cailleux2009investigations,
	title={Investigations on the development of self-healing properties in protective coatings for concrete and repair mortars},
	author={Cailleux, E and Pollet, V},
	booktitle={Proceedings of the 2nd International Conference on Self-Healing Materials, Chicago, IL, USA},
	volume={28},
	year={2009}
}

@article{tang2015robust,
	title={Robust evaluation of self-healing efficiency in cementitious materials--a review},
	author={Tang, Waiching and Kardani, Omid and Cui, Hongzhi},
	journal={Construction and Building Materials},
	volume={81},
	pages={233--247},
	year={2015},
	publisher={Elsevier}
}

@article{yoon2019prediction,
	title={Prediction Model for Mechanical Properties of Lightweight Aggregate Concrete Using Artificial Neural Network},
	author={Yoon, Jin Young and Kim, Hyunjun and Lee, Young-Joo and Sim, Sung-Han},
	journal={Materials},
	volume={12},
	number={17},
	pages={2678},
	year={2019},
	publisher={Multidisciplinary Digital Publishing Institute}
}

@article{sahmaran2013self,
	title={Self-healing capability of cementitious composites incorporating different supplementary cementitious materials},
	author={Sahmaran, Mustafa and Yildirim, Gurkan and Erdem, Tahir K},
	journal={Cement and Concrete Composites},
	volume={35},
	number={1},
	pages={89--101},
	year={2013},
	publisher={Elsevier}
}

@article{ozbay2013self,
	title={Self-Healing of Microcracks in High-Volume Fly-Ash-Incorporated Engineered Cementitious Composites.},
	author={{\"O}zbay, Erdo{\u{g}}an and {\v{S}}ahmaran, Mustafa and Lachemi, Mohamed and Y{\"u}cel, Hasan Erhan},
	journal={ACI Materials Journal},
	volume={110},
	number={1},
	year={2013}
}

@article{li1998innovations,
	title={Innovations forum: engineered cementitious composites for structural applications},
	author={Li, Victor C and Kanda, Tetsushi},
	journal={Journal of Materials in Civil Engineering},
	volume={10},
	number={2},
	pages={66--69},
	year={1998},
	publisher={American Society of Civil Engineers}
}

@article{jacobsen1995sem,
	title={SEM observations of the microstructure of frost deteriorated and self-healed concretes},
	author={Jacobsen, Stefan and Marchand, Jacques and Hornain, Hugues},
	journal={Cement and Concrete Research},
	volume={25},
	number={8},
	pages={1781--1790},
	year={1995},
	publisher={Elsevier}
}

@article{reinhardt2003permeability,
	title={Permeability and self-healing of cracked concrete as a function of temperature and crack width},
	author={Reinhardt, Hans-Wolf and Jooss, Martin},
	journal={Cement and concrete research},
	volume={33},
	number={7},
	pages={981--985},
	year={2003},
	publisher={Elsevier}
}

@article{csahmaran2008influence,
	title={Influence of transverse crack width on reinforcement corrosion initiation and propagation in mortar beams},
	author={{\c{S}}ahmaran, Mustafa and Yaman, {\.I} {\"O}zg{\"u}r},
	journal={Canadian Journal of Civil Engineering},
	volume={35},
	number={3},
	pages={236--245},
	year={2008},
	publisher={NRC Research Press}
}

@article{edvardsen1999water,
	title={Water permeability and autogenous healing of cracks in concrete},
	author={Edvardsen, Carola},
	journal={Materials Journal},
	volume={96},
	number={4},
	pages={448--454},
	year={1999}
}
@article{aldea2000extent,
	title={Extent of healing of cracked normal strength concrete},
	author={Aldea, Corina-Maria and Song, Won-Joon and Popovics, John S and Shah, Surendra P},
	journal={Journal of materials in civil engineering},
	volume={12},
	number={1},
	pages={92--96},
	year={2000},
	publisher={American Society of Civil Engineers}
}

@techreport{clear1985effects,
	title={The effects of autogenous healing upon the leakage of water through cracks in concrete},
	author={Clear, CA},
	year={1985}
}

@article{sisomphon2012self,
	title={Self-healing of surface cracks in mortars with expansive additive and crystalline additive},
	author={Sisomphon, K and Copuroglu, O and Koenders, EAB},
	journal={Cement and Concrete Composites},
	volume={34},
	number={4},
	pages={566--574},
	year={2012},
	publisher={Elsevier}
}

@article{cortes1995support,
	title={Support-vector networks},
	author={Cortes, Corinna and Vapnik, Vladimir},
	journal={Machine learning},
	volume={20},
	number={3},
	pages={273--297},
	year={1995},
	publisher={Springer}
}

@article{suykens1999least,
	title={Least squares support vector machine classifiers},
	author={Suykens, Johan AK and Vandewalle, Joos},
	journal={Neural processing letters},
	volume={9},
	number={3},
	pages={293--300},
	year={1999},
	publisher={Springer}
}

@incollection{li2007self,
	title={Self healing in concrete materials},
	author={Li, Victor C and Yang, En-Hua},
	booktitle={Self healing materials},
	pages={161--193},
	year={2007},
	publisher={Springer}
}

@article{wu2012review,
	title={A review: Self-healing in cementitious materials and engineered cementitious composite as a self-healing material},
	author={Wu, Min and Johannesson, Bj{\"o}rn and Geiker, Mette},
	journal={Construction and Building Materials},
	volume={28},
	number={1},
	pages={571--583},
	year={2012},
	publisher={Elsevier}
}

@inproceedings{zhou2008developing,
	title={Developing engineered cementitious composite with local materials},
	author={Zhou, J and Qian, S and Sierra Beltran, MG and Ye, G and Schlangen, E and van Breugel, K},
	booktitle={International conference on microstructure related durability of cementitious composites, Nanjing, China},
	year={2008}
}

@article{yang2005self,
	title={Self-healing of ECC under cyclic wetting and drying},
	author={Yang, Y and Lepech, M and Li, Victor C},
	year={2005}
}

@article{sahmaran2007transport,
	title={Transport properties of engineered cementitious composites under chloride exposure},
	author={Sahmaran, Mustafa and Li, Mo and Li, Victor C},
	journal={ACI Materials Journal},
	volume={104},
	number={6},
	pages={604},
	year={2007},
	publisher={American Concrete Institute}
}

@article{qian2010influence,
	title={Influence of curing condition and precracking time on the self-healing behavior of engineered cementitious composites},
	author={Qian, SZ and Zhou, J and Schlangen, E},
	journal={Cement and concrete composites},
	volume={32},
	number={9},
	pages={686--693},
	year={2010},
	publisher={Elsevier}
}

@article{zhang2014investigating,
	title={Investigating mechanical properties and self-healing behavior of micro-cracked ECC with different volume of fly ash},
	author={Zhang, Zhigang and Qian, Shunzhi and Ma, Hui},
	journal={Construction and Building Materials},
	volume={52},
	pages={17--23},
	year={2014},
	publisher={Elsevier}
}

@article{yildirim2014influence,
	title={Influence of hydrated lime addition on the self-healing capability of high-volume fly ash incorporated cementitious composites},
	author={Yildirim, G{\"u}rkan and Sahmaran, Mustafa and Ahmed, Hemn Unis},
	journal={Journal of Materials in Civil Engineering},
	volume={27},
	number={6},
	pages={04014187},
	year={2014},
	publisher={American Society of Civil Engineers}
}

@article{yan2017evaluation,
	title={Evaluation and prediction of bond strength of GFRP-bar reinforced concrete using artificial neural network optimized with genetic algorithm},
	author={Yan, Fei and Lin, Zhibin and Wang, Xingyu and Azarmi, Fardad and Sobolev, Konstantin},
	journal={Composite Structures},
	volume={161},
	pages={441--452},
	year={2017},
	publisher={Elsevier}
}

@article{yaseen2018predicting,
	title={Predicting compressive strength of lightweight foamed concrete using extreme learning machine model},
	author={Yaseen, Zaher Mundher and Deo, Ravinesh C and Hilal, Ameer and Abd, Abbas M and Bueno, Laura Cornejo and Salcedo-Sanz, Sancho and Nehdi, Moncef L},
	journal={Advances in Engineering Software},
	volume={115},
	pages={112--125},
	year={2018},
	publisher={Elsevier}
}

@article{reuter2018comparative,
	title={A comparative study of machine learning approaches for modeling concrete failure surfaces},
	author={Reuter, Uwe and Sultan, Ahmad and Reischl, Dirk S},
	journal={Advances in Engineering Software},
	volume={116},
	pages={67--79},
	year={2018},
	publisher={Elsevier}
}

@article{sobhani2010prediction,
	title={Prediction of the compressive strength of no-slump concrete: A comparative study of regression, neural network and ANFIS models},
	author={Sobhani, Jafar and Najimi, Meysam and Pourkhorshidi, Ali Reza and Parhizkar, Tayebeh},
	journal={Construction and Building Materials},
	volume={24},
	number={5},
	pages={709--718},
	year={2010},
	publisher={Elsevier}
}

@article{suleiman2019visualization,
	title={Visualization and quantification of crack self-healing in cement-based materials incorporating different minerals},
	author={Suleiman, Ahmed R and Nelson, Andrew J and Nehdi, Moncef L},
	journal={Cement and Concrete Composites},
	volume={103},
	pages={49--58},
	year={2019},
	publisher={Elsevier}
}
@article{omran2016comparison,
	title={Comparison of data mining techniques for predicting compressive strength of environmentally friendly concrete},
	author={Omran, Behzad Abounia and Chen, Qian and Jin, Ruoyu},
	journal={Journal of Computing in Civil Engineering},
	volume={30},
	number={6},
	pages={04016029},
	year={2016},
	publisher={American Society of Civil Engineers}
}

@book{neter1996applied,
	title={Applied linear statistical models},
	author={Neter, John and Kutner, Michael H and Nachtsheim, Christopher J and Wasserman, William},
	volume={4},
	year={1996},
	publisher={Irwin Chicago}
}

@article{raschkas_2018_mlxtend,
	author= {Sebastian Raschka},
	title= {MLxtend: Providing machine learning and data science utilities and extensions to Python’s scientific computing stack},
	journal = {The Journal of Open Source Software},
	volume= {3},
	number = {24},
	year= 2018,
	publisher= {The Open Journal},
	doi= {10.21105/joss.00638},
	url = {http://joss.theoj.org/papers/10.21105/joss.00638}
}

@article{smola2004tutorial,
	title={A tutorial on support vector regression},
	author={Smola, Alex J and Sch{\"o}lkopf, Bernhard},
	journal={Statistics and computing},
	volume={14},
	number={3},
	pages={199--222},
	year={2004},
	publisher={Springer}
}

@article{yuvaraj2013support,
	title={Support vector regression based models to predict fracture characteristics of high strength and ultra high strength concrete beams},
	author={Yuvaraj, P and Murthy, A Ramachandra and Iyer, Nagesh R and Sekar, SK and Samui, Pijush},
	journal={Engineering fracture mechanics},
	volume={98},
	pages={29--43},
	year={2013},
	publisher={Elsevier}
}


@article{huang2013characterization,
	title={Characterization and quantification of self-healing behaviors of microcracks due to further hydration in cement paste},
	author={Huang, Haoliang and Ye, Guang and Damidot, Denis},
	journal={Cement and Concrete Research},
	volume={52},
	pages={71--81},
	year={2013},
	publisher={Elsevier}
}



@article{zhuang2019prediction,
	title={The prediction of self-healing capacity of bacteria-based concrete using machine learning approaches},
	author={Zhuang, Xiaoying and Zhou, Shuai},
	journal={Computers, Materials \& Continua 59 (2019), Nr. 1},
	year={2019},
	publisher={Henderson: Tech Science Press}
}

@article{mauludin2019modeling,
	title={Modeling of self-healing concrete: A review},
	author={Mauludin, Luthfi Muhammad and Oucif, Chahmi},
	journal={Journal of Applied and Computational Mechanics},
	volume={5},
	number={Special Issue: Computational Methods for Material Failure},
	pages={526--539},
	year={2019},
	publisher={Shahid Chamran University of Ahvaz}
}

@inproceedings{chaitanya2020prediction,
	title={Prediction of self-healing characteristics of GGBS admixed concrete using Artificial Neural Network},
	author={Chaitanya, M and Manikandan, P and Kumar, V Prem and Elavenil, S and Vasugi, V},
	booktitle={Journal of Physics: Conference Series},
	volume={1716},
	number={1},
	pages={012019},
	year={2020},
	organization={IOP Publishing}
}

@article{wang2019towards,
	title={Towards machine learning approaches for predicting the self-healing efficiency of materials},
	author={Wang, Wenjun and Moreau, Nicolette G and Yuan, Yingfang and Race, Paul R and Pang, Wei},
	journal={Computational Materials Science},
	volume={168},
	pages={180--187},
	year={2019},
	publisher={Elsevier}
}

@article{taffese2015caprm,
  title={CaPrM: Carbonation prediction model for reinforced concrete using machine learning methods},
  author={Taffese, Woubishet Zewdu and Sistonen, Esko and Puttonen, Jari},
  journal={Construction and Building Materials},
  volume={100},
  pages={70--82},
  year={2015},
  publisher={Elsevier}
}

@article{olalusi2020machine,
  title={Machine learning-based models for the concrete breakout capacity prediction of single anchors in shear},
  author={Olalusi, Oladimeji B and Spyridis, Panagiotis},
  journal={Advances in Engineering Software},
  volume={147},
  pages={102832},
  year={2020},
  publisher={Elsevier}
}

@misc{wikiRMSE,
   author ={Wikipedia contributors},
   title ={Root-mean-square deviation --- {W}ikipedia{,} The Free Encyclopedia},
   year ={2021},
   url ={https://en.wikipedia.org/wiki/Root-mean-square_deviation},
   note ={[Online; accessed 28-August-2021]}
 }